
@book{APAAmericanPsychiatricAssociation2019,
	address = {Washington, DC},
	edition = {11},
	title = {Publication {Manual} of the {American} {Psychological} {Association}},
	isbn = {978-1-4338-3215-4},
	author = {{APA (American Psychiatric Association)}},
	year = {2019},
}

@misc{Brave2001,
	title = {Governing the {Genome}},
	howpublished = {\url{http://online.sfsu.edu/rone/GEessays/GoverningGenome.html}},
	urldate = {10 de mayo de 2021},
	author = {Brave, Ralph},
	month = dec,
	year = {2001},
}

@article{Burns2005,
	title = {Action research: an evolving paradigm?},
	url = {https://www.cambridge.org/core/article/action-research-an-evolving-paradigm/3220D505260711B19E5FDED22365DBD8},
	doi = {10.1017/S0261444805002661},
	journal = {Language Teaching},
	author = {Burns, Anne},
	year = {2005},
}

@techreport{Cadena2020,
	type = {Informe técnico},
	title = {Informe anual de operaciones de embarcaciones menores del {Departamento} de {Embarcaciones} {Oceanográficas} durante 2012},
	number = {3025},
	institution = {Centro de Investigación Científica y de Educación Superior de Ensenada, B.C.},
	author = {Cadena Ramírez, José Luis},
	year = {2020},
	pages = {21},
}

@mastersthesis{CorderoEsquivel1988,
	type = {Tesis de {Maestría} en Ciencias},
	title = {Evaluación de tres dietas artificiales para {Procambarus} clarkii ({Girard}): ({Decapoda}-cambaridae), en condiciones de laboratorio},
	school = {Centro de Investigación Científica y de Educación Superior de Ensenada, Baja California},
	author = {Cordero Esquivel, Beatriz},
	year = {1988},
	pages = {83},
}

@article{DelgadoArgote1990,
	title = {Análisis tectónico del sistema transpresivo neogénico entre {Macuspana}, {Tabasco}, y {Puerto} Ángel, {Oaxaca}},
	volume = {9},
	number = {1},
	journal = {Revista mexicana de ciencias geológicas},
	author = {Delgado Argote, Luis Alberto and Sánchez Carballido, Enrique Alberto},
	year = {1990},
	pages = {21-32},
}

@book{Fainstein2011,
	address = {Cambridge},
	edition = {3},
	title = {Readings in urban theory},
	isbn = {978-1-4443-3081-6},
	publisher = {Wiley-Blackwell},
	editor = {Fainstein, Susan S. and Campbell, Scot},
	year = {2011},
}

@book{FAOFoodandAgricultureOrganization2012,
	address = {Rome},
	title = {The {State} of {World} {Fisheries} and {Aquaculture} 2012},
	isbn = {978-92-5-107225-7},
	author = {{FAO (Food and Agriculture Organization)}},
	year = {2012},
}

@misc{FAOFisheriesandAquacultureDepartment2006,
	title = {Species {Fact} {Sheets} - {Paralichthys} olivaceus ({Temminck} \& {Schlegel}, 1846)},
	url = {http://www.fao.org/fishery/species/3350/en},
	urldate = {10 de junio de 2021},
	author = {{FAO Fisheries and Aquaculture Department}},
	month = jun,
	year = {2006},
}

@article{Favela2007,
	title = {Activity {Recognition} for {Context}-aware {Hospital} {Applications}: {Issues} and {Opportunities} for the {Deployment} of {Pervasive} {Networks}},
	volume = {12},
	url = {http://link.springer.com/10.1007/s11036-007-0013-5},
	doi = {10.1007/s11036-007-0013-5},
	number = {2-3},
	journal = {Mobile Networks and Applications},
	author = {Favela, Jesus and Tentori, Monica and Castro, Luis A. and Gonzalez, Victor M. and Moran, Elisa B. and Martínez-García, Ana I.} ,
	month = jun,
	year = {2007},
	keywords = {Activity estimation, Context-aware computing, Hospital activities, Neural networks},
	pages = {155-171},
}

@article{Field2006,
	title = {Planktonic {Foraminifera} of the {California} {Current} {Reflect} 20th-{Century} {Warming}},
	volume = {311},
	url = {http://bmcimmunol.biomedcentral.com/articles/10.1186/1471-2172-14-17},
	doi = {10.1126/science.1116220},
	number = {5757},
	journal = {Science},
	author = {Field, David B and Baumgartner, Timothy R. and Charles, Christopher D. and Ferreira-Bartrina, Vicente and Ohman, Mark D.},
	month = jan,
	year = {2006},
	pages = {63--66},
}

@inproceedings{10.1007/978-3-642-37192-9_50,
	address = {Berlin, Heidelberg},
	series = {Lecture {Notes} in {Computer} {Science}},
	title = {{EvoSpace}: {A} {Distributed} {Evolutionary} {Platform} {Based} on the {Tuple} {Space} {Model}},
	isbn = {978-3-642-37192-9},
	booktitle = {Applications of {Evolutionary} {Computation}},
	publisher = {Springer Berlin Heidelberg},
	author = {García-Valdez, Mario and Trujillo, Leonardo and de Vega, Francisco and Merelo Guervós, Juan J and Olague, Gustavo},
	editor = {Esparcia-Alcázar, Anna I},
	year = {2013},
	pages = {499--508},
}

@book{Lloyd2005,
	title = {Growing up global: {The} changing transitions to adulthood in developing countries},
	isbn = {0-309-09528-X},
	publisher = {National Academies Press},
	author = {Lloyd, Cynthia-B.},
	month = jun,
	year = {2005},
	doi = {10.17226/11174},
}

@book{NationalResearchCouncilandInstituteofMedicin2005,
	title = {Growing up global: {The} changing transitions to adulthood in developing countries},
	isbn = {0-309-09528-X},
	publisher = {National Academies Press},
	author = {{National Research Council and Institute of Medicin}},
	editor = {Lloyd, Cynthia B.},
	month = jun,
	year = {2005},
	doi = {10.17226/11174},
}

@book{ogata2010modern,
	address = {New York},
	series = {Instrumentation and controls series},
	title = {Modern {Control} {Engineering}},
	isbn = {978-0-13-615673-4},
	publisher = {Prentice Hall},
	author = {Ogata, Katsuhiko},
	year = {2010},
}

@incollection{Postgate1969,
	address = {London y New York},
	title = {Viable counts and {Viability}},
	booktitle = {Methods in {Microbiology}},
	publisher = {Academic Press},
	author = {Postgate, J.R.},
	editor = {Norris, J.R. and Ribbons, D.W.},
	year = {1969},
	pages = {611-628},
}

@book{South2001,
	address = {London},
	title = {The future of modern genomics},
	publisher = {Blackwell},
	author = {South, J. and Blass, B.},
	year = {2001},
}

@inproceedings{inproceedings,
	title = {Geologic {Analysis} of the {San} {Jerónimo} pluton in the {Southern} part of the {Peninsular} {Ranges} {Batholith}, {Baja} {California}, {México}},
	volume = {1},
	doi = {10.13140/2.1.4183.2649},
	booktitle = {Geological {Society} of {America} {Cordilleran} {Section}-108th {Annual} {Meeting}},
	author = {Torres, Xochitl and Delgado-Argote, Luis and Avilez, Porfirio and Weber, Bodo},
	year = {2012},
	pages = {5-10},
}

@inproceedings{Trujillo2005,
	address = {San Diego, C.A.},
	title = {Automatic {Feature} {Localization} in {Thermal} {Images} for {Facial} {Expression} {Recognition}},
	volume = {3},
	isbn = {0-7695-2372-2},
	url = {http://ieeexplore.ieee.org/document/1565309/},
	doi = {10.1109/CVPR.2005.415},
	booktitle = {2005 {IEEE} {Computer} {Society} {Conference} on {Computer} {Vision} and {Pattern} {Recognition} ({CVPR}'05) - {Workshops}},
	publisher = {IEEE},
	author = {Treviño, L and Olague, G and Hammoud, R and Hernandez, B},
	year = {2005},
	keywords = {Data mining, Face detection, Face recognition, Facial features, Feature extraction, Humans, Image analysis, Image recognition, Information analysis, Support vector machines},
	pages = {15--14},
}

@inproceedings{Trujillo2006,
	address = {New York, New York, USA},
	title = {Synthesis of interest point detectors through genetic programming},
	isbn = {1-59593-186-4},
	doi = {10.1145/1143997.1144151},
	booktitle = {Proceedings of the 8th annual conference on {Genetic} and evolutionary computation - {GECCO} '06},
	publisher = {ACM Press},
	author = {Trujillo, Leonardo and Olague, Gustavo},
	year = {2006},
	keywords = {evolutionary computer vision, synthesis of interest points},
	pages = {887--894},
}
